<?xml version="1.0" encoding="UTF-8"?><collection xmlns="http://www.loc.gov/MARC21/slim"><record><leader>00484nam--2200169-i-4500</leader><controlfield tag="001">000044655</controlfield><controlfield tag="002">20161230</controlfield><controlfield tag="005">20170128002910</controlfield><controlfield tag="008">060222s1000------------r-----000-0-eng-d</controlfield><datafield ind1=" " ind2=" " tag="040"><subfield code="a">IFIN-HH</subfield></datafield><datafield ind1=" " ind2=" " tag="080"><subfield code="a">539.123(061.3)</subfield></datafield><datafield ind1="1" ind2=" " tag="100"><subfield code="a">Baggett, Neil</subfield></datafield><datafield ind1="1" ind2="0" tag="245"><subfield code="a">Neutrino oscillation workshop January 30-31, 1981</subfield><subfield code="c">Neil Baggett (compiled by)</subfield></datafield><datafield ind1=" " ind2=" " tag="260"><subfield code="a">Springfield</subfield><subfield code="b">Brookhaven National Laboratory</subfield><subfield code="c">1981</subfield></datafield><datafield ind1=" " ind2=" " tag="300"><subfield code="a">324 p</subfield></datafield><datafield ind1=" " ind2=" " tag="852"><subfield code="a">79187</subfield><subfield code="c">539.12</subfield></datafield><datafield ind1=" " ind2=" " tag="CAT"><subfield code="a">SYS</subfield><subfield code="c">20170128</subfield><subfield code="h">002910</subfield></datafield></record></collection>